@book{anderson2007mind,
  title={How can the human mind occur in the physical universe?},
  author={John R Anderson and Richard King},
  year={2007},
  publisher={Oxford University Press}
}
}
@article{watkins1992q,
  title={Q-learning},
  author={Watkins, Christopher JCH and Dayan, Peter},
  journal={Machine learning},
  volume={8},
  number={3-4},
  pages={279--292},
  year={1992},
  publisher={Springer}
}
@inproceedings{claus1998dynamics,
  title={The dynamics of reinforcement learning in cooperative multiagent systems},
  author={Claus, Caroline and Boutilier, Craig},
  booktitle={AAAI/IAAI},
  pages={746--752},
  year={1998}
}

